@phdthesis{ex3,
   author =   "Carsten Knoll",
   title =   "Regelungstheoretische Analyse- und Entwurfsansätze für unteraktuierte mechanische Systeme",
   school =   "Technische Universität Dresden",
   year =   "2016",
}


